% Encoding: UTF-8

@Misc{uno,
title = {Даташит Arduino UNO [Электронный ресурс] Официальный сайт компании Arduino. Режим доступа: \url{https://docs.arduino.cc/hardware/uno-rev3}.},
 urldate = {2023-06-18}
}

@Misc{ide,
title = {Среда разработки Arduino IDE [Электронный ресурс] Официальный сайт компании Arduino. Режим доступа: \url{https://www.arduino.cc/en/software}.},
 urldate = {2023-06-18}
}

@Misc{oled,
title = {Библиотека OLED\_I2C [Электронный ресурс] GitHub. Режим доступа: \url{https://github.com/jlegas/OLED_I2C}.},
 urldate = {2023-06-18}
}

@Misc{keypad,
title = {Библиотека Keypad [Электронный ресурс] Официальный сайт компании Arduino. Режим доступа: \url{https://playground.arduino.cc/Code/Keypad/}.},
 urldate = {2023-06-18}
}

@Misc{libspi,
title = {Библиотека SPI [Электронный ресурс] Официальный сайт компании Arduino. Режим доступа: \url{https://www.arduino.cc/reference/en/language/functions/communication/spi/}.},
 urldate = {2023-06-18}
}

@Misc{spi,
title = {Serial Peripheral Interface [Электронный ресурс] Википедия. Режим доступа: \url{https://ru.wikipedia.org/wiki/Serial_Peripheral_Interface}.},
 urldate = {2023-06-18}
}

@Misc{max3100,
title = {Даташит MAX3100 [Электронный ресурс] Официальный сайт компании Maxim Integrated. Режим доступа: \url{https://datasheets.maximintegrated.com/en/ds/max3100.pdf}.},
 urldate = {2023-06-18}
}

@Comment{jabref-meta: databaseType:biblatex;}
